=LDR  03748cam a22005777i 4500
=001  016384850
=003  Uk
=005  20130918125004.0
=008  130325t20132012lu\ab\\f\\\\\i000\0\eng\d
=020  \\$a9789292410711 (paperback)
=020  \\$a9292410717 (paperback)
=035  \\$a(OCoLC)835248181
=040  \\$aFIE$beng$cFIE$dOCLCO$dGUB$dUk$erda
=042  \\$aukblderived
=043  \\$ae-it---
=082  04$a363.34958094571$223
=110  2\$aEuropean Court of Auditors.
=245  14$aThe European Union Solidarity Fund's response to the 2009 Abruzzi earthquake :$bthe relevance and cost of operations : (pursuant to Article 287(4), second subparagraph, TFEU) /$cEuropean Court of Auditors.
=264  \1$aLuxembourg :$bPublications Office of the European Union,$c2013, c2012.
=300  \\$a46 pages :$bcolour illustrations, colour maps;$c30 cm
=336  \\$atext$2rdacontent
=337  \\$aunmediated$2rdamedia
=338  \\$avolume$2rdacarrier
=490  1\$aSpecial report,$x1831-0834 ;$vno. 24/2012.
=500  \\$a"Cat. no.: "QJ-AB-12-023-EN-C"--P. [4] of cover.
=500  \\$a"doi: "10.2865/53557"--P. [2] of cover.
=520  3\$a"Following the earthquake in Abruzzi region in April 2009, the European Union Solidarity Fund co-financed with the amount of 494 million euro the emergency assistance to the population and the construction of temporary houses and schools. The Court analysed the relevance and cost of the operations and in particular of the CASE project. It concludes that the EUSF regulation did not envisage solutions such as the CASE project, which erected permanent houses in order to provide temporary accommodation to the earthquake-affected population. Furthermore, the Court found that these houses responded to many immediate needs of the population, although with insufficient capacity, and that there were shortcomings in the planning and in ensuring economy in the implementation of the project."-- P. [4] of cover.
=530  \\$aAlso available on the Internet.
=610  20$aEuropean Union Solidarity Fund.
=650  \0$aEarthquake 2009 Abruzzi region$zEuropean Union countries.
=650  \0$aL'Aquila earthquake, Italy, 2009.
=650  \0$aEarthquake relief$zItaly$zL'Aquila.
=650  \0$aEarthquake damage$zItaly$zAbruzzo.
=650  \0$aEarthquakes$zItaly.
=650  \0$aDisaster relief$xGovernment policy$zEuropean Union countries.
=650  \0$aEmergency management$xGovernment policy$zEuropean Union countries.
=775  08$iFrench edition:$tRéponse du Fonds de solidarité de l'Union européenne au séisme de 2009 dans les Abruzzes : pertinence et coût des opérations Rapport spécial n° 24, 2012 : (présenté en vertu de l'article 287, paragraphe 4, deuxième alinéa, du TFUE)
=775  08$iItalian edition: La$trisposta del Fondo di solidarietà dell'Unione europea al terremoto del 2009 in Abruzzo : pertinenza e costo delle operazioni Relazione speciale n. 24/2012 : (presentata in virtù dell'articolo 287, paragrafo 4, secondo comma del TFUE)
=830  \0$aSpecial report (European Court of Auditors) ;$vno. 24/2012.
=852  41$aBritish Library$bHMNTS$jEU 363.34958094571
=856  41$3Connect to online version.$uhttp://eca.europa.eu/portal/pls/portal/docs/1/21204777.PDF
=856  42$uhttp://dx.publications.europa.eu/10.2865/53557$zFull-text
=856  42$uhttp://bookshop.europa.eu/en/home/$zEU Bookshop website
=CAT  \\$a9219$b40$c20130514$lBLL01$h1342
=CAT  \\$a3563$b40$c20130723$lBLL01$h1414
=CAT  \\$a9671$b40$c20130918$lBLL01$h1250
=CAT  \\$aBATCH-UPD$b40$c20200506$lBLL01$h1622
=CAT  \\$aW2308-1659$c20230923$lBLL01$h1002
=FMT  \\$a  BK
=LAS  \\$aW2308-1659$b00$c20230923$lBLL01$h1002
=SID  \\$aZ39$bOCLC

