=LDR  02867cam a22005177i 4500
=001  017759791
=003  Uk
=005  20160308093827.0
=008  160113s2015\\\\lu\ab\\\\b\\\i000\0\eng\d
=020  \\$a9789279501500$q(paperback : acid-free paper)
=020  \\$a927950150X$q(paperback : acid-free paper)
=035  \\$a(OCoLC)934673196
=040  \\$aLWU$beng$cLWU$dLWU$dOCLCO$dOCLCQ$dCN3GA$dORU$dOCLCO$dGUB$dOCLCO$dUk$erda
=042  \\$aukblderived
=050  \4$aHN376$b.B74 2015
=082  04$a339.46094$223
=245  00$aBreaking the vicious circle of poverty and deprivation :$bthe Fund for European Aid to the Most Deprived (FEAD) /$cEuropean Commission, Directorate-General for Employment, Social Affairs and Inclusion, Unit E1.
=246  30$aFund for European Aid to the Most Deprived (FEAD)
=264  \1$aLuxembourg :$bPublications Office of the European Union,$c2015.
=300  \\$a24 pages :$billustrations (some color), color map ;$c25 cm.
=336  \\$atext$btxt$2rdacontent
=337  \\$aunmediated$bn$2rdamedia
=338  \\$avolume$bnc$2rdacarrier
=490  1\$aSocial Europe
=500  \\$a"KE-01-15-518-EN-C"--Page 4 of cover.
=504  \\$aIncludes bibliographical references.
=520  \\$a"This brochure describes the EU's effort to help some of its most vulnerable citizens by providing non-financial assistance. It presents statistics that indicate the current level of poverty in Europe, and describes what FEAD is; why it's needed; whom it's for; and how it works. The publication also gives true-life examples of how FEAD is helping people in Europe, and how assistance is administered by partners in several EU countries. An annex provides details for each country: budget, how the funds are being used, and the name and contact information of the managing authority." -- Page 4 of cover.
=530  \\$aAlso available on the Internet.
=650  \0$aPoverty$zEuropean Union countries$xPrevention.
=650  \0$aPublic welfare$zEuropean Union countries.
=651  \0$aEuropean Union countries$xSocial policy.
=690  7\$aManagement and Business Studies$2blcoll
=710  2\$aEuropean Commission.$bDirectorate-General for Employment, Social Affairs and Inclusion.$bUnit E1,$eissuing body.
=830  \0$aSocial Europe.
=852  41$aBritish Library$bDSC$jm16/.10815
=852  41$aBritish Library$bHMNTS$jEU339.46094
=856  41$3Connect to online version$uhttp://bookshop.europa.eu/en/the-fund-for-european-aid-to-the-most-deprived-fead--pbKE0115518/
=CAT  \\$a11002$b40$c20160304$lBLL01$h1346
=CAT  \\$a9666$b40$c20160308$lBLL01$h0938
=CAT  \\$aBATCH-MBS$c20160318$lBLL01$h2111
=CAT  \\$aBATCH-UPD$b00$c20160517$lBLL01$h1322
=CAT  \\$aW2308-1659$c20230923$lBLL01$h1005
=FIN  \\$aY$d20160304
=FMT  \\$a  BK
=LAS  \\$aW2308-1659$b00$c20230923$lBLL01$h1005
=SID  \\$aZ39$bOCLC

