=LDR  03935 am a2200541 i 4500
=001  018220664
=003  Uk
=005  20170210105749.0
=008  170110t20162016lu\a\\\g\bs\\i000\0\eng\d
=020  \\$a9789279619106$q(paperback : acid-free paper)
=020  \\$a9279619101$q(paperback : acid-free paper)
=020  \\$z9789279619113$q(PDF)
=035  \\$a(OCoLC)967976503
=040  \\$aBECOE$beng$cBECOE$dVGM$dGUB$dUk$erda
=042  \\$aukblderived
=050  \4$aHC79.E5$bS8674 2016
=245  00$aSustainable development in the European Union :$ba statistical glance from the viewpoint of the UN Sustainable Development Goals.
=250  \\$a2016 edition.
=264  \1$aLuxembourg :$bPublications Office of the European Union,$c2016.
=264  \4$c©2016
=300  \\$a163 pages :$bcolor illustrations ;$c25 cm.
=336  \\$atext$btxt$2rdacontent
=337  \\$aunmediated$bn$2rdamedia
=338  \\$avolume$bnc$2rdacarrier
=490  1\$aTheme: General and regional statistics
=490  1\$aEurostat statistical books
=500  \\$a"KS-02-16-966-EN-C" --Page 2.
=504  \\$aIncludes bibliographical references.
=505  0\$aIntroduction: The EU and the Sustainable Development Goals -- Overview of key trends -- 1. No poverty -- 2. Zero hunger -- 3. Good health and well-being -- 4. Quality education -- 5. Gender equality -- 6. Clean water and sanitation -- 7. Affordable and clean energy -- 8. Decent work and economic growth -- 9. Industry, innovation and infrastructure -- 10. Reduced inequalities -- 11. Sustainable cities and communities -- 12. Responsible consumption and production -- 13. Climate action -- 14. Life below water -- 15. Life on land -- 16. Peace, justice and strong institutions -- 17. Partnership for the goals - Annexes.
=520  8\$a"This Eurostat publication, entitled "Sustainable development in the European Union - A statistical glance from the viewpoint of the UN Sustainable Development Goals", provides an overview of the current situation of the EU and its Member States on sustainable development in relation to the Sustainable Development Goals (SDGs). This publication follows a strictly descriptive approach, presenting a purely statistical picture based on facts and figures. It provides rather a snapshot of the starting position of the EU and its Member States and is not intended as a regular SDG monitoring exercise at EU level. The analysis in this publication is based on a limited number of indicators, which are relevant to the EU perspective and capture the broader objective and ambition of each SDG. Each goal is analysed through two to four indicators. In total, 51 indicators are presented in the report, mainly obtained from the European Statistical System and disseminated by Eurostat. The analysis of Member States' performance and international comparisons focus on the most recent year for each indicator. EU-28 trends over time are also presented, covering the period from 2000 or 2002 up to the most recent year for which data are available (2014 or 2015)." --$cBack cover.
=650  \0$aSustainable development$zEuropean Union countries.
=650  \0$aSustainable development$zEuropean Union countries$vStatistics.
=650  \7$aSustainable development.$2eclas
=650  \7$aDevelopment aid.$2eclas
=650  \7$aIndicators.$2eclas
=650  \7$aUnited Nations Organization.$2eclas
=650  \7$aEU/EC Member States.$2eclas
=650  \7$aStatistical data.$2eclas
=710  2\$aStatistical Office of the European Communities.
=830  \0$aTheme--General and regional statistics.
=830  \0$aEurostat statistical books.
=852  41$aBritish Library$bHMNTS$jYD.2018.a.1871
=856  \1$3Connect to online version$uhttp://bookshop.europa.eu/uri?target=EUB:NOTICE:KS0216996:EN
=CAT  \\$a11131$b40$c20170210$lBLL01$h1057
=FIN  \\$aY$d20170210
=FMT  \\$a  BK
=LAS  \\$a11131$b40$c20170210$lBLL01$h1057
=SID  \\$aZ39$bOCLC

