=LDR  01272cam a22003377a 4500
=001  015177394
=003  Uk
=005  20090507143043.0
=008  081224s2008\\\\lu\c\\\\\\\\\i000\0\eng\d
=035  \\$a(OCoLC)298706444
=040  \\$aAU@$beng$cAU@$dFUG$dUk
=082  04$a323.0922$222
=245  00$a1988-2008 Sakharov prize :$bfor freedom of thought : 2008 Hu Jia.
=246  30$aSakharov prize for freedom of thought
=260  \\$a[Luxembourg :$bOffice for Official Publications of the European Communities,$c2008]
=300  \\$a26 p. :$bports. ;$c15 x 21 cm.
=336  \\$atext$2rdacontent
=337  \\$aunmediated$2rdamedia
=338  \\$avolume$2rdacarrier
=500  \\$aCover title.
=500  \\$a"BD-30-08-660-EN-C"--P. [4] of cover.
=530  \\$aAlso available on the Internet in PDF format.
=650  \0$aHuman rights$xAwards.
=650  \0$aHuman rights workers$vBiography.
=852  41$aBritish Library$bHMNTS$jEU323.0922
=856  41$3Full text$uhttp://bookshop.europa.eu/eubookshop/download.action?fileName=BD3008660ENC_002.pdf&eubphfUid=644591&catalogNbr=BD-30-08-660-EN-C
=CAT  \\$a3563$b40$c20090507$lBLL01$h1430
=CAT  \\$aW2308-1659$c20230923$lBLL01$h1018
=FMT  \\$a  BK
=LAS  \\$aW2308-1659$b00$c20230923$lBLL01$h1018
=SID  \\$aZ39$bOCLC

