=LDR  02737 am a2200481 i 4500
=001  016525069
=003  Uk
=005  20131204125451.0
=008  131009s2013\\\\lu\a\\\\\b\\\i000\0\eng\d
=020  \\$a9789292412487 (pbk.)
=020  \\$a9292412485 (pbk.)
=035  \\$a(OCoLC)859671149
=040  \\$aGUB$beng$cGUB$dGUB$dUk$erda
=042  \\$aukblsr
=043  \\$ae------
=082  04$a338.1349094$223
=245  00$aSupport for the improvement of the economic value of forests from the European Agricultural Fund for rural development :$b(pursuant to Article 287(4), second subparagraph, TFEU) /$cEuropean Court of Auditors.
=264  \1$aLuxembourg :$bPublications Office of the European Union,$c2013.
=300  \\$a53 pages :$bcolored illustrations ;$c30 cm.
=336  \\$atext$btxt$2rdacontent
=337  \\$aunmediated$bn$2rdamedia
=338  \\$avolume$bnc$2rdacarrier
=490  1\$aSpecial report,$x1831-0834 ;$vno. 8/2013
=500  \\$a"QJ-AB-13-005-EN-C"--Page [4] of cover.
=504  \\$aIncludes bibliographical references.
=520  \\$a"In 2007-13, EU budget (measure 122 of the European Agricultural Fund for Rural Development) supported investments aimed to improve the economic value of forests owned by private persons or municipalities. The Court's audit revealed that only a few of the audited projects significantly improved the economic value of forests, either by improving the value of the land or the value of the stands. Weaknesses in the design of the measure and its monitoring mechanisms affect its successful implementation. Many of the audited projects concerned activities which would have been more appropriately financed using other specific EAFRD measures."-- Page [4] of cover.
=530  \\$aAlso available on the Internet.
=610  20$aEuropean Agricultural Fund for Rural Development.
=650  \0$aForests and forestry$xEconomic aspects$zEuropean Union countries.
=650  \0$aForest management$xSubsidies$zEuropean Union countries.
=650  \0$aForestry projects$zEuropean Union countries.
=690  7\$aManagement and Business Studies$2blcoll
=710  2\$aEuropean Court of Auditors.
=830  \0$aSpecial report (European Court of Auditors) ;$vno. 2013/8.
=852  41$aBritish Library$bHMNTS$jEU 338.1349094
=856  41$3Connect to online version.$uhttp://bookshop.europa.eu/en/support-for-the-improvement-of-the-economic-value-of-forests-from-the-european-agricultural-fund-for-rural-development-pbQJAB13005/
=CAT  \\$a1350$b40$c20131022$lBLL01$h1446
=CAT  \\$a9671$b40$c20131204$lBLL01$h1254
=CAT  \\$aBATCH-MBS$c20140117$lBLL01$h2140
=FIN  \\$aY$d20131204
=FMT  \\$a  BK
=LAS  \\$aBATCH-MBS$b00$c20140117$lBLL01$h2140
=SID  \\$aZ39$bOCLC

