=LDR  02828 am a2200517 i 4500
=001  016528242
=003  Uk
=005  20131204142750.0
=007  tu
=008  131009s2013\\\\lu\a\\\\\b\\\i000\0\eng\d
=020  \\$a9789292412920 (pbk.)
=020  \\$a9292412922 (pbk.)
=035  \\$a(OCoLC)859669188
=040  \\$aUAT$beng$cLTSCA$dGUB$dNUI$dUk$erda
=041  \\$aeng
=042  \\$aukblsr
=043  \\$ae------
=050  \4$aHN380.5.Z9$bC6 H38 2013
=082  04$a307.1412094$223
=245  00$aHave the Member States and the Commission achieved value for money with the measures for diversifying the rural economy? :$b(pursuant to Article 287(4), second subparagraph, TFEU) /$cEuropean Court of Auditors.
=264  \1$aLuxembourg :$bPublications Office of the European Union,$c[2013]
=300  \\$a74 pages :$bcolor illustrations ;$c30 cm.
=336  \\$atext$btxt$2rdacontent
=337  \\$aunmediated$bn$2rdamedia
=338  \\$avolume$bnc$2rdacarrier
=490  1\$aSpecial report ;$vno. 6/2013
=500  \\$a"QJ-AB-13-008-EN-C"--Back cover.
=504  \\$aIncludes bibliographical references.
=520  \\$a"Diversifying the rural economy is essential for economic growth, employment and sustainable development in rural areas. This report concludes that the Commission and the Member States have, only to a limited extent, obtained value for money through the funding of the measures aimed at diversifying the rural economy. This was due to a lack of a clear demonstration of the need for support, the absence of specific objectives, and excessively broad eligibility and selection criteria. Member States did not take adequate steps to mitigate the risks of deadweight, displacement and overspending resulting in an inefficient use of resources. The ECA makes recommendations to help the Commission and Member States remedy these weaknesses." -- Page [4] of cover.
=530  \\$aAlso available on the Internet.
=650  \0$aRural development$zEuropean Union countries.
=650  \0$aEnterprise zones, Rural$zEuropean Union countries.
=690  7\$aSocial Welfare$2blcoll
=710  2\$aEuropean Court of Auditors.
=830  \0$aSpecial report (European Court of Auditors) ;$vno. 2013/6.
=852  41$aBritish Library$bHMNTS$jOPD.2019.x.8
=856  41$3Connect to online version.$uhttp://bookshop.europa.eu/en/have-the-member-states-and-the-commission-achieved-value-for-money-with-the-measures-for-diversifying-the-rural-economy--pbQJAB13008/
=CAT  \\$a1350$b40$c20131028$lBLL01$h1137
=CAT  \\$a9671$b40$c20131204$lBLL01$h1118
=CAT  \\$a9671$b40$c20131204$lBLL01$h1427
=CAT  \\$aBATCH-SWP$c20140117$lBLL01$h2313
=CAT  \\$aBATCH-UPD$b00$c20190314$lBLL01$h1630
=FIN  \\$aY$d20131204
=FMT  \\$a  BK
=LAS  \\$aBATCH-UPD$b00$c20190314$lBLL01$h1630
=SID  \\$aZ39$bOCLC

