=LDR  02608 am a22004337a 4500
=001  016175199
=003  Uk
=005  20121001143559.0
=008  120628s2012\\\\lu\a\\\\\b\\\i000\0\eng\d
=020  \\$a9789292375584 (pbk.)
=020  \\$a929237558X (pbk.)
=035  \\$a(OCoLC)797006109
=040  \\$aAKU$cAKU$dAKU$dOCLCO$dGUB$dUk
=043  \\$ae------
=082  04$a338.476632094$223
=245  04$aThe reform of the common organisation of the market in wine :$bprogress to date : (pursuant to Article 287 (4), second subparagraph, TFEU) /$cEuropean Court of Auditors.
=246  30$aReform of the common organization of the market in wine
=260  \\$aLuxembourg :$bPublications Office of the European Union,$c2012.
=300  \\$a45 p. :$bcol. ill. ;$c30 cm.
=336  \\$atext$2rdacontent
=337  \\$aunmediated$2rdamedia
=338  \\$avolume$2rdacarrier
=490  1\$aSpecial report ;$vno. 7/2012
=500  \\$a"QJ-AB-12-002-EN-C" -- P. [4] of cover.
=504  \\$aIncludes bibliographical references.
=520  \\$aIn 2008, the Council adopted a reform of the common organisation of the market in wine aimed at improving the competitiveness of EU wine producers and balancing supply and demand. The financially most important components of the reform were two aid schemes, one for the grubbing up of vineyards and the other for the restructuring and varietal conversion of vineyards. The court found that the grubbing up was not sufficient to correct the existing market imbalance. The court also found that the restructuring and conversion measure improved the competitiveness of vineyards, but in a number of cases also led to an increase in wine production for which new market outlets have to be secured. -- P. [4] of cover.
=530  \\$aAlso available on the Internet.
=650  \0$aWine industry$zEuropean Union countries.
=650  \0$aWine districts$zEuropean Union countries.
=650  \0$aWine and wine making$zEuropean Union countries.
=710  2\$aEuropean Court of Auditors.
=830  \0$aSpecial report (European Court of Auditors) ;$vno. 2012/7.
=852  41$aBritish Library$bHMNTS$jEU 338.476632094
=856  41$3Connect to online version.$uhttp://bookshop.europa.eu/en/the-reform-of-the-common-organisation-of-the-market-in-wine-progress-to-date-pbQJAB12002/;pgid=y8dIS7GUWMdSR0EAlMEUUsWb0000-cKkOjN3;sid=vcfnEMbbpCjnGIk4l9p5t6T-HwSbQMEIuxQ=?CatalogCategoryID=NtYKABstgQIAAAEjIIkY4e5K
=CAT  \\$a3563$b40$c20120924$lBLL01$h1359
=CAT  \\$a5447$b40$c20121001$lBLL01$h1435
=FMT  \\$a  BK
=LAS  \\$a5447$b40$c20121001$lBLL01$h1435
=SID  \\$aZ39$bOCLC

