=LDR  02972 am a2200709 i 4500
=001  019023564
=003  Uk
=005  20181002122045.0
=008  170817s2017\\\\lu\a\\\\\b\\\i000\0\eng\d
=017  \\$aKH-01-17-426-EN-C$bLU-LuOPE
=020  \\$a9789279685385$qprint version
=020  \\$a9279685384$qprint version
=020  \\$z9789279685330$qonline version
=024  7\$a10.2779/791389$2doi
=035  \\$a(OCoLC)1001286372
=040  \\$aBECOE$beng$cBECOE$dUk$erda
=042  \\$aukblsr
=082  04$a333.72094$223
=245  00$aBoosting growth and jobs :$bsuccess stories from EU environmental policy.
=264  \1$aLuxembourg :$bPublications Office of the European Union,$c[2017]
=300  \\$a46 pages :$billustrations (colour) ;$c21 cm
=336  \\$atext$2rdacontent
=337  \\$aunmediated$2rdamedia
=338  \\$avolume$2rdacarrier
=500  \\$aTitle from cover.
=504  \\$aIncludes bibliographical references.
=520  \\$aEffective environmental policy can give a real boost to jobs and sustainable growth. This brochure illustrates how opportunities can be translated into further success. Success that makes most sense to the people of Europe - new job opportunities, and healthier lives.
=530  \\$aAlso issued online.
=650  \0$aEnvironmental protection$zEuropean Union countries.
=650  \0$aChemical industry$zEuropean Union countries.
=650  \0$aEconomic development$zEuropean Union countries.
=650  \7$aPolitique de l'environnement.$2eclas
=650  \7$aAspects socio-économiques.$2eclas
=650  \7$aCréation d'emplois.$2eclas
=650  \7$aCroissance économique.$2eclas
=650  \7$awaste management.$2eurovocen
=650  \7$ainnovation.$2eurovocen
=650  \7$awastewater.$2eurovocen
=650  \7$awater protection.$2eurovocen
=650  \7$acoastal protection.$2eurovocen
=650  \7$anatural resources.$2eurovocen
=650  \7$aatmospheric pollution.$2eurovocen
=650  \7$achemical industry.$2eurovocen
=650  \7$aeconomic growth.$2eurovocen
=650  \7$aEuropean Union.$2eurovocen
=650  \7$aBiodiversity.$2fast$0(OCoLC)fst01429860
=650  \7$aChemical industry.$2fast$0(OCoLC)fst00852951
=650  \7$aEconomic development.$2fast$0(OCoLC)fst00901785
=650  \7$aEnvironmental policy.$2fast$0(OCoLC)fst00913250
=650  \7$aEnvironmental protection.$2fast$0(OCoLC)fst00913324
=651  \7$aEurope$zEuropean Union countries.$2fast$0(OCoLC)fst01269470
=710  2\$aEuropean Commission.
=852  41$aBritish Library$bHMNTS$jEU.333.72094
=856  41$uhttp://bookshop.europa.eu/uri?target=EUB:NOTICE:KH0117426:EN:HTML$qHTML
=856  41$uhttp://dx.publications.europa.eu/10.2779/791389$qHTML
=CAT  \\$a11131$b40$c20180820$lBLL01$h1344
=CAT  \\$a5883$b40$c20181002$lBLL01$h1212
=CAT  \\$a5883$b40$c20181002$lBLL01$h1220
=FIN  \\$aY$d20180820
=FMT  \\$a  BK
=LAS  \\$a5883$b40$c20181002$lBLL01$h1220
=SID  \\$aZ39$bOCLC

