=LDR  02502cam a22006377i 4500
=001  017759799
=003  Uk
=005  20160414094809.0
=008  150527s2015\\\\lu\a\\\\\b\\\|0|0\0|eng\\
=017  \\$aMN-AB-14-001-EN-C$bLU-LuOPE
=020  \\$a9789279430145 (paperback)
=020  \\$a9279430149 (paperback)
=024  7\$a10.2841/11240$2doi
=035  \\$a(OCoLC)930998558
=040  \\$aBEDGE$beng$cBEDGE$dOCLCO$dUk$erda
=044  \\$ceu
=082  04$a338.91$223
=245  00$aCombining finance and policies to implement a transformative post-2015 development agenda :$bfull report.
=246  13$aEuropean report on development 2015 :$bfull report
=264  \1$aLuxembourg :$bPublications Office,$c[2015]
=300  \\$a377 pages :$billustrations (colour) ;$c30 cm.
=336  \\$atext$2rdacontent
=337  \\$aunmediated$2rdamedia
=338  \\$avolume$2rdacarrier
=490  0\$aEuropean report on development,$x1977-3994 ;$v2015
=504  \\$aIncludes bibliographical references.
=521  \\$aSpecialised.
=538  \\$aMode of access: World Wide Web.
=540  \\$aReproduction is authorised provided the source is acknowledged ;$bEuropean Union.
=650  \7$adevelopment policy.$2eurovocen
=650  \7$adevelopment aid.$2eurovocen
=650  \7$aEU aid.$2eurovocen
=650  \7$adeveloping countries.$2eurovocen
=650  \7$aaid policy.$2eurovocen
=650  \7$afinancing policy.$2eurovocen
=650  \7$afinancing.$2eurovocen
=650  \7$aannual report.$2eurovocen
=655  \4$aPublication UE/CE.
=655  \4$aPublication internationale.
=655  \4$aRessource internet.
=655  \4$aTexte intégral.
=690  7\$aManagement and Business Studies$2blcoll
=787  0\$tCombining finance and policies to implement a transformative post-2015 development agenda : executive summary$w(LU-LuOPE)PUB_MNAB14001ENC$4STU_EXEC$z978-92-79-43232-3
=852  41$aBritish Library$bDSC$jm16/.11241
=856  40$uhttp://bookshop.europa.eu/uri?target=EUB:NOTICE:MNAB14001:EN:HTML$qHTML
=856  40$uhttp://dx.publications.europa.eu/10.2841/11240$qHTML
=CAT  \\$a11002$b40$c20160304$lBLL01$h1401
=CAT  \\$a9666$b40$c20160414$lBLL01$h0946
=CAT  \\$a9666$b40$c20160414$lBLL01$h0948
=CAT  \\$aBATCH-MBS$c20160422$lBLL01$h2116
=CAT  \\$aW2308-1659$c20230923$lBLL01$h1005
=CAT  \\$aBATCH-UPD$b00$c20230925$lBLL01$h0013
=FIN  \\$aY$d20160414
=FMT  \\$a  BK
=LAS  \\$aBATCH-UPD$b00$c20230925$lBLL01$h0013
=SID  \\$aZ39$bOCLC

