=LDR  02859cam a22005657i 4500
=001  017837649
=003  Uk
=005  20160506113420.0
=006  m\\\\\\\\d\i\\\\\\
=008  160222s2015\\\\lu\a\\\\\b\\\i000\0\eng\d
=020  \\$a9789287235855
=020  \\$a9287235856
=020  \\$z9789287235916 (PDF)
=020  \\$z9789287235862 (EPUB)
=024  7\$a10.2865/330292$2doi
=035  \\$a(OCoLC)945113641$z(OCoLC)945784652
=040  \\$aEQO$beng$cEQO$dOCLCO$dFIE$dCUS$erda
=050  \4$aHG3751.9.E86$bE9 2015
=082  04$a332.7094$223
=245  00$aEU supervision of credit rating agencies :$bwell established but not yet fully effective /$cEuropean Court of Auditors.
=264  \1$aLuxembourg :$bPublications Office of the European Union,$c2015.
=264  \4$c©2015
=300  \\$a72 pages :$bcolour illustrations ;$c30 cm.
=336  \\$atext$2rdacontent
=337  \\$aunmediated$2rdamedia
=338  \\$avolume$2rdacarrier
=490  1\$aSpecial report,$x1831-0834 ;$vno. 22/2015
=500  \\$a"QJ-AB-15-022-EN-C"--Back cover.
=500  \\$a"Pursuant to Article 287(4), second subparagraph, TFEU".
=504  \\$aIncludes bibliographical references.
=520  \\$aThe 2008 financial crisis focused attention on the credit rating agencies and their impact on financial markets. At the time, there was very little regulation of the agencies in Europe. In 2011, the European Securities and Markets Authority (ESMA) was created to register, monitor and supervise them. This report examines whether ESMA has successfully established itself as the credit rating agencies watchdog for the EU. We conclude that while ESMA has laid down good foundations, its rules and guidelines are not yet complete and significant risks remain to be addressed in the future.--$cEuropean Court of Auditors.
=530  \\$aAlso published electronically.
=650  \0$aCredit ratings$zEuropean Union countries.
=650  \0$aCredit bureaus$zEuropean Union countries.
=650  \0$aFinancial services industry$xLaw and legislation$zEuropean Union countries.
=690  7\$aManagement and Business Studies$2blcoll
=710  2\$aEuropean Court of Auditors,$eissuing body.
=830  \0$aSpecial report (European Court of Auditors) ;$vno. 22/2015.
=852  41$aBritish Library$bHMNTS$jEU332.7094
=856  41$uhttp://bookshop.europa.eu/en/eu-supervision-of-credit-rating-agencies-pbQJAB15022/?CatalogCategoryID=Y.cKABstnJsAAAEjxZEY4e5L$zFull-text
=CAT  \\$a10904$b40$c20160504$lBLL01$h1424
=CAT  \\$a9666$b40$c20160506$lBLL01$h1133
=CAT  \\$a9666$b40$c20160506$lBLL01$h1134
=CAT  \\$aBATCH-UPD$b40$c20160517$lBLL01$h1329
=CAT  \\$aBATCH-MBS$c20160520$lBLL01$h2056
=CAT  \\$aW2308-1659$c20230923$lBLL01$h1006
=FIN  \\$aY$d20160506
=FMT  \\$a  BK
=LAS  \\$aW2308-1659$b00$c20230923$lBLL01$h1006
=SID  \\$aZ39$bOCLC

