=LDR  02139cam a22006017i 4500
=001  016696305
=003  Uk
=005  20140602081935.0
=006  m\\\\\\\\d\\\\\\\\
=008  140205s2014\\\\lu\ab\\\\s\\\i000\0\eng\d
=017  \\$aKS-02-13-692-EN-C$bLU-LuOPE
=020  \\$a9789279341717
=020  \\$a9279341715
=024  7\$a10.2785/48964$2doi
=035  \\$a(OCoLC)875972598
=040  \\$aBEDGE$beng$cBEDGE$dUk$erda
=042  \\$aukblderived
=082  04$a338.94$223
=245  00$aEuropean statistics on regions and cities.
=260  \\$aLuxembourg :$bPublications Office,$c2014.
=300  \\$a1 folded sheet (12 unnumbered pages) :$billustrations (colour), maps (colour) ;$c59 x 21 cm, folded to 10 × 21 cm.
=336  \\$atext$2rdacontent
=336  \\$astill image$2rdacontent
=337  \\$aunmediated$2rdamedia
=338  \\$avolume$2rdacarrier
=490  0\$aEurostat compact guides
=500  \\$aFree.
=521  \\$aGeneral public.
=538  \\$aMode of access: World Wide Web.
=540  \\$aAll rights reserved ;$bEuropean Union.
=540  \\$3Cover$aAll rights reserved ;$bShutterstock.
=650  \7$aEU statistics.$2eurovocen
=650  \7$aregional statistics.$2eurovocen
=650  \7$arural development.$2eurovocen
=650  \7$aregional development.$2eurovocen
=655  \4$aPublication UE/CE.
=655  \4$aPublication internationale.
=655  \4$aRessource internet.
=655  \4$aTexte intégral.
=690  7\$aManagement and Business Studies$2blcoll
=710  2\$aStatistical Office of the European Communities.
=852  41$aBritish Library$bDSC$jm14/.11255
=856  40$uhttp://bookshop.europa.eu/uri?target=EUB:NOTICE:KS0213692:EN:HTML$qHTML
=856  40$uhttp://dx.publications.europa.eu/10.2785/10.2785/48964$qHTML
=CAT  \\$a11002$b40$c20140428$lBLL01$h0855
=CAT  \\$a9671$b40$c20140602$lBLL01$h0819
=CAT  \\$aBATCH-MBS$c20140606$lBLL01$h2141
=CAT  \\$aW2308-1659$c20230923$lBLL01$h1025
=CAT  \\$aBATCH-UPD$b00$c20230925$lBLL01$h0724
=FIN  \\$aY$d20140602
=FMT  \\$a  BK
=LAS  \\$aBATCH-UPD$b00$c20230925$lBLL01$h0724
=SID  \\$aZ39$bOCLC

