=LDR  02457 am a22006497i 4500
=001  016696314
=003  Uk
=005  20141217141327.0
=008  140306s2014\\\\lu\\\\\\\\\\\|0|0\0|eng\\
=017  \\$aMN-30-12-634-EN-C$bLU-LuOPE
=020  \\$a9789279250873 (paperback)
=020  \\$a9279250876 (paperback)
=024  7\$z10.2841/43863$2doi
=035  \\$a(OCoLC)875989589
=040  \\$aBEDGE$beng$cBEDGE$dOCLCO$dUk$erda
=044  \\$ceu
=082  04$a382.09406$223
=245  04$aThe Cotonou agreement, signed in Cotonou on 23 June 2000, revised in Luxembourg on 25 June 2005, revised in Ouagadougou on 22 June 2010, and multiannual financial framework 2014-20.
=264  \1$aLuxembourg :$bPublications Office of the European Union,$c[2014]
=300  \\$a217 pages ;$c21 cm
=336  \\$atext$2rdacontent
=337  \\$aunmediated$2rdamedia
=338  \\$avolume$2rdacarrier
=500  \\$aFree.
=521  \\$aLegislative.
=538  \\$aMode of access: World Wide Web.
=540  \\$aReproduction is authorised provided the source is acknowledged ;$bEuropean Union.
=650  \7$aUE/CE Accord de Cotonou.$2eclas
=650  \7$aUE/CE Perspectives financières.$2eclas
=650  \7$aUE/CE Budget.$2eclas
=650  \7$aAide au développement.$2eclas
=650  \7$aUE/CE Pays ACP.$2eclas
=650  \7$aCotonou Agreement.$2eurovocen
=650  \7$acooperation agreement.$2eurovocen
=650  \7$aACP-EU relationship.$2eurovocen
=650  \7$aEU financing.$2eurovocen
=650  \7$arevision of an agreement.$2eurovocen
=650  \7$aACP countries.$2eurovocen
=655  \4$aPublication UE/CE.
=655  \4$aPublication internationale.
=655  \4$aRessource internet.
=655  \4$aTexte intégral.
=690  7\$aManagement and Business Studies$2blcoll
=710  2\$aEuropean Union.$bPublications Office,$epublisher.
=852  41$aBritish Library$bDSC$jm14/.11221
=852  41$aBritish Library$bHMNTS$jEU 382.09406
=856  41$uhttp://bookshop.europa.eu/uri?target=EUB:NOTICE:MN3012634:EN:HTML$qHTML
=856  41$uhttp://dx.publications.europa.eu/10.2841/43863$qHTML
=CAT  \\$a11002$b40$c20140428$lBLL01$h0908
=CAT  \\$a9666$b40$c20140523$lBLL01$h1206
=CAT  \\$a9666$b40$c20140523$lBLL01$h1207
=CAT  \\$aBATCH-MBS$c20140530$lBLL01$h2147
=CAT  \\$a9666$b40$c20141217$lBLL01$h1413
=FIN  \\$aY$d20140523
=FMT  \\$a  BK
=LAS  \\$a9666$b40$c20141217$lBLL01$h1413
=SID  \\$aZ39$bOCLC

