=LDR  03814cam a22006377i 4500
=001  016746227
=003  Uk
=005  20141126083405.0
=007  ta
=008  121205s2012\\\\lu\a\\\\\b\\\i000\0\eng\d
=020  \\$a9789292378769 (paperback)
=020  \\$a9292378767 (paperback)
=035  \\$a(OCoLC)820359388$z(OCoLC)875891563$z(OCoLC)876906113
=040  \\$aAKU$cAKU$dAKU$dOCLCO$dGUB$dYLS$dUWW$dUk$erda
=042  \\$aukblderived
=043  \\$ae------
=082  04$a353.46094$223
=245  00$aManagement of conflict of interest in selected EU agencies :$b(pursuant to Article 287(4), second subparagraph, TFEU) /$cEuropean Court of Auditors.
=246  30$aManagement of conflict of interest in selected European Union agencies
=260  \\$aLuxembourg :$bPublications Office of the European Union,$c2012.
=300  \\$a99 pages :$bcolour illustrations ;$c30 cm.
=336  \\$atext$2rdacontent
=337  \\$3online$acomputer$2rdamedia
=337  \\$3print$aunmediated$2rdamedia
=338  \\$3online$aonline resource$2rdacarrier
=338  \\$3print$avolume$2rdacarrier
=490  1\$aSpecial report,$x1831-0834 ;$vno. 15/2012
=500  \\$a"QJ-AB-12-014-EN-C"--Page [4] of cover.
=500  \\$a"For the purpose of the Court's audit, the definition provided in the OECD Guidelines 'Manag¬ing Conflict of Interest in the Public Service' is used: '... there are situations in which the private interests and affiliations of a public official create, or have the potential to create, conflict with the proper performance of his/her official duties.'" -- Page 7.
=504  \\$aIncludes bibliographical references.
=520  \\$a"Conflict of interest situations can occur almost in any work¬place at any time. If they are not handled correctly they can negatively affect the decision-making process, give rise to scan¬dals and cause reputational damage. The court evaluated policies and procedures for the manage-ment of conflict of interest situations for four selected agen¬cies making vital decisions affecting the safety and health of consumers, namely the European Aviation Safety Agency (EASA), European Chemicals Agency (ECHA), European Food Safety Agency (EFSA) and the European Medicines Agency (EMA). The court found that none of the selected agencies adequately managed the conflict of interest situations. A number of short¬comings of varying degrees have been identified in agency-spe¬cific policies and procedures as well as their implementation." -- Page [4] of cover.
=530  \\$aAlso available on the Internet.
=610  20$aEuropean Aviation Safety Agency.
=610  20$aEuropean Chemicals Agency.
=610  20$aEuropean Food Safety Authority.
=610  20$aEuropean Medicines Agency.
=650  \0$aConflict of interests$zEuropean Union countries.
=650  \0$aAdministrative agencies$zEuropean Union countries.
=651  \0$aEuropean Union countries$xEconomic policy.
=690  7\$aManagement and Business Studies$2blcoll
=710  2\$aEuropean Court of Auditors.
=830  \0$aSpecial report (European Court of Auditors),$x1831-0834 ;$vno. 2012/15.
=852  41$aBritish Library$bHMNTS$jEU 353.46094
=856  41$uhttp://bookshop.europa.eu/en/management-of-conflict-of-interest-in-selected-eu-agencies-pbQJAB12014/$zConnect to online version
=CAT  \\$a3563$b40$c20140623$lBLL01$h1204
=CAT  \\$a9671$b40$c20141126$lBLL01$h0832
=CAT  \\$a9671$b40$c20141126$lBLL01$h0834
=CAT  \\$aBATCH-MBS$c20141205$lBLL01$h2145
=CAT  \\$aR1708-0999$c20170816$lBLL01$h1553
=CAT  \\$aBATCH-UPD$b00$c20170816$lBLL01$h1554
=CAT  \\$aR1708-0999$c20170818$lBLL01$h1716
=CAT  \\$aW2308-1659$c20230923$lBLL01$h1025
=FIN  \\$aY$d20141126
=FMT  \\$a  BK
=LAS  \\$aW2308-1659$b00$c20230923$lBLL01$h1025
=SID  \\$aZ39$bOCLC

