=LDR  02082cam a22004937a 4500
=001  015396407
=003  Uk
=005  20100108090842.0
=008  090515s2009\\\\lu\\\\\\\b\\\i000\0\eng\d
=020  \\$a9789279111587
=020  \\$a9279111582
=035  \\$a(OCoLC)321003155
=040  \\$aLWU$cLWU$dGUB$dCOD$dBNM$dVGM$dUk
=050  \4$aT58.5$b.C66 2009
=082  04$a004.094$222
=088  \\$aKK-81-09-551-EN-C
=088  \\$aDOI 10.2759/40731
=245  00$aCommunication from the Commission to the European Parliament, the Council, the European Economic and Social Committee and the Committee of the Regions :$ba strategy for ICT R&D and innovation in Europe : raising the game /$cCommission of the European Communities.
=246  14$aStrategy for ICT R&D and innovation in Europe :$braising the game
=260  \\$aLuxembourg :$bOffice for Official Publications of the European Communities,$c2009.
=300  \\$a11 p. ;$c30 cm.
=336  \\$atext$2rdacontent
=337  \\$aunmediated$2rdamedia
=338  \\$avolume$2rdacarrier
=490  1\$aCOM (2009) 116 final
=490  1\$aSEC ;$v(2009) 289
=500  \\$a"Brussels, 13.3.2009."
=500  \\$a"KK-81-09-551-EN-C"--P. [4] of cover.
=500  \\$aDOI 10.2759/40731.
=504  \\$aIncludes bibliographical references.
=530  \\$aAlso available online.
=650  \0$aInformation technology$zEuropean Union countries.
=710  2\$aCommission of the European Communities.
=830  \0$aCOM (Commission of the European Communities) ;$v(2009) 116 final.
=830  \0$aSEC (Commission of the European Communities) ;$v(2009) 289.
=852  41$aBritish Library$bHMNTS$jEU004.094
=856  41$uhttp://bookshop.europa.eu/eubookshop/download.action?fileName=KK8109551ENC_002.pdf&eubphfUid=10118293&catalogNbr=KK-81-09-551-EN-C$zConnect to online resource
=CAT  \\$a3563$b40$c20091020$lBLL01$h1438
=CAT  \\$a5447$b40$c20100108$lBLL01$h0908
=CAT  \\$aW2308-1659$c20230923$lBLL01$h1048
=FIN  \\$aY$d20100108
=FMT  \\$a  BK
=LAS  \\$aW2308-1659$b00$c20230923$lBLL01$h1048
=SID  \\$aZ39$bOCLC

