=LDR  02471 am a22005177a 4500
=001  016061597
=003  Uk
=005  20120402133716.0
=008  120314s2012\\\\lu\a\\\\\b\\\\000\0\eng\\
=020  \\$a9789289710671 (pbk. : alk. paper)
=020  \\$a9289710675 (pbk. : alk. paper)
=035  \\$a(OCoLC)780087835
=040  \\$aAKU$cAKU$dAKU$dGUB$dUk
=042  \\$aukblderived
=043  \\$ae------
=082  04$a331.94$223$qUK-WkNB
=245  04$aThe second phase of flexicurity :$ban analysis of practices and policies in the member states /$cEuropean Foundation for the Improvement of Living and Working Conditions.
=246  30$a2nd phase of flexicurity
=260  \\$aLuxembourg :$bPublications Office of the European Union,$c2012.
=300  \\$a98 p. :$bill. ;$c30 cm.
=336  \\$atext$2rdacontent
=337  \\$aunmediated$2rdamedia
=338  \\$avolume$2rdacarrier
=500  \\$a"TJ-31-12-454-EN-C" -- P. [4] of cover.
=504  \\$aIncludes bibliographical references (p. 77-83).
=505  0\$aExecutive summary -- Introduction -- The concept of flexicurity -- Overview of public instruments at member state level that can be considered as implemented flexicurity -- Flexicurity characteristics of the identified instruments -- Concluding remarks.
=530  \\$aAlso available on the Internet.
=650  \0$aLabor market$zEuropean Union countries.
=650  \0$aJob security$zEuropean Union countries.
=650  \0$aRecessions$zEuropean Union countries.
=650  \0$aOccupational training$zEuropean Union countries.
=650  \0$aTemporary employees$zEuropean Union countries.
=650  \0$aLabor policy$zEuropean Union countries.
=690  7\$aManagement and Business Studies$2blcoll
=710  2\$aEuropean Foundation for the Improvement of Living and Working Conditions.
=852  41$aBritish Library$bDSC$jm12/.11424
=856  41$uhttp://bookshop.europa.eu/en/the-second-phase-of-flexicurity-pbTJ3112454/;pgid=y8dIS7GUWMdSR0EAlMEUUsWb0000dBJP-9zH;sid=v6JnuHo6p2NnvTVZwHf5HxgfuHFhazdZodA=?CatalogCategoryID=zV0KABstOsMAAAEjCYcY4e5K$zConnect to online version
=985  \\$aCorrected by MS generated file for WR# 13.051
=CAT  \\$a10904$b40$c20120402$lBLL01$h1336
=CAT  \\$a10904$b40$c20120402$lBLL01$h1337
=CAT  \\$aBLSS-CORR$b00$c20130327$lBLL01$h1529
=CAT  \\$aBATCH-MBS$c20130405$lBLL01$h2112
=FIN  \\$aY$d20120402
=FMT  \\$a  BK
=LAS  \\$aBATCH-MBS$b00$c20130405$lBLL01$h2112
=SID  \\$aZ39$bOCLC

