=LDR  02483 am a22004337a 4500
=001  016100945
=003  Uk
=005  20120803140316.0
=008  120508s2012\\\\lu\a\\\\\b\\\i000\0\eng\d
=020  \\$a9789292375805 (pbk.)
=020  \\$a9292375806 (pbk.)
=035  \\$a(OCoLC)793285984
=040  \\$aAKU$cAKU$dAKU$dNUI$dGUB$dUk
=042  \\$aukblsr
=043  \\$ae------
=082  04$a387.1094$223
=245  00$aUsing structural and cohesion funds to co-finance transport infrastructures in seaports :$ban effective investment? : (pursuant to Article 287 (4), second subparagraph, TFEU) /$cEuropean Court of Auditors.
=260  \\$aLuxembourg :$bPublications Office of the European Union,$c2012.
=300  \\$a42 p. :$bcol. ill. ;$c30 cm.
=336  \\$atext$2rdacontent
=337  \\$aunmediated$2rdamedia
=338  \\$avolume$2rdacarrier
=490  1\$aSpecial report ;$vno. 4/2012
=500  \\$a"QJ-AB-12-003-EN-C"--P. [4] of cover.
=504  \\$aIncludes bibliographical references.
=520  \\$aThe European Court of Auditors assessed the objectives and outputs of 27 randomly selected transport infrastructure projects in seaports which were co-financed between 2000 and 2006 through the European Regional Development Fund and the Cohesion Fund. The Court found that only 11 out of the 27 projects were effective in supporting transport policy objectives. In addition, some constructions had not been completed, some were not in use and others will need considerable further investment before they can be put into effective use. The Court's report puts forward various reasons to explain these findings and makes recommendations to address the shortcomings noted so as to improve future EU spending on seaports.
=530  \\$aAlso available on the Internet.
=610  20$aStructural Funds (European Commission)
=610  20$aCohesion Fund (European Commission)
=650  \0$aHarbors$zEuropean Union countries$xFinance.
=710  2\$aEuropean Court of Auditors.
=830  \0$aSpecial report (European Court of Auditors) ;$vno. 2012/4.
=852  41$aBritish Library$bHMNTS$jEU 387.1094
=856  41$uhttp://bookshop.europa.eu/en/using-structural-and-cohesion-funds-to-co-finance-transport-infrastructures-in-seaports-an-effective-investment--pbQJAB12003/$zConnect to online version.
=CAT  \\$a3563$b40$c20120608$lBLL01$h1422
=CAT  \\$a5447$b40$c20120803$lBLL01$h1403
=FMT  \\$a  BK
=LAS  \\$a5447$b40$c20120803$lBLL01$h1403
=SID  \\$aZ39$bOCLC

