=LDR  02944 am a22004697a 4500
=001  016104389
=003  Uk
=005  20120803115243.0
=008  120411s2012\\\\lu\ab\\\\b\\\i000\0\eng\d
=020  \\$a9789292375324 (pbk.)
=020  \\$a9292375326 (pbk.)
=035  \\$a(OCoLC)785420067
=040  \\$aAKU$cAKU$dNUI$dAKU$dGUB$dUk
=042  \\$aukblsr
=043  \\$ae------$afb-----
=082  04$a338.1967$223
=245  00$aEffectiveness of European Union development aid for food security in Sub-Saharan Africa :$b(pursuant to Article 287 (4), second subparagraph, TFEU) /$cEuropean Court of Auditors.
=260  \\$aLuxembourg :$bPublications Office of the European Union,$c2012.
=300  \\$a63 p. :$bcol. ill., col. map ;$c30 cm.
=336  \\$atext$2rdacontent
=337  \\$aunmediated$2rdamedia
=338  \\$avolume$2rdacarrier
=490  1\$aSpecial report ;$vno. 1/2012
=500  \\$a"QJ-AB-12-001-EN-C"--P. [4] of cover.
=504  \\$aIncludes bibliographical references.
=520  \\$aFood insecurity is a persistent problem in sub-Saharan Africa: hunger affects 30% of the population and nearly half of the children suffer from chronic malnutrition. The court examined whether European Union (EU) development aid for food security in sub-Saharan Africa is effective, i.e. whether it addresses the countries' needs and priorities and the EU interventions achieve their objectives. The audit focused on EU direct development support for the three dimensions of food security, i.e. food availability, access to food and food utilisation or nutrition. The court concludes that EU development aid for food security in sub-Saharan Africa is mostly effective, highly relevant to countries' needs and priorities, and makes an important contribution to achieving food security. However, there is scope for significant improvement in several areas, such as better assessing the potential scope for support in chronic food insecure countries, giving adequate priority to nutrition and improving the sustainability of the interventions.
=530  \\$aAlso available on the Internet.
=610  20$aEuropean Union.
=650  \0$aFood relief$zAfrica, Sub-Saharan.
=650  \0$aFood security$zAfrica, Sub-Saharan.
=650  \0$aMalnutrition$zAfrica, Sub-Saharan.
=650  \0$aFood supply$zAfrica, Sub-Saharan.
=710  2\$aEuropean Court of Auditors.
=830  \0$aSpecial report (European Court of Auditors) ;$vno. 2012/1.
=852  41$aBritish Library$bHMNTS$jEU 338.1967
=856  41$uhttp://eca.europa.eu/portal/pls/portal/docs/1/13300745.PDF$zConnect to online version.
=856  41$uhttp://bookshop.europa.eu/en/effectiveness-of-european-union-development-aid-for-food-security-in-sub-saharan-africa-pbQJAB12001/$zConnect to online version.
=CAT  \\$a3563$b40$c20120614$lBLL01$h1137
=CAT  \\$a5447$b40$c20120803$lBLL01$h1152
=FMT  \\$a  BK
=LAS  \\$a5447$b40$c20120803$lBLL01$h1152
=SID  \\$aZ39$bOCLC

