=LDR  02547cam a22006737i 4500
=001  016770893
=003  Uk
=005  20221115010245.0
=008  130618s2013\\\\dk\ab\\f\b\\\i0|1\0|eng\d
=017  \\$aTH-AL-13-002-EN-C$bLU-LuOPE
=020  \\$a9789292133566
=020  \\$a929213356X
=024  7\$a10.2800/73322$2doi
=035  \\$a(OCoLC)870635359
=040  \\$aBEDGE$beng$cBEDGE$dOCLCO$dUk$erda
=044  \\$ceu
=245  00$aLate lessons from early warnings :$bscience, precaution, innovation.
=264  \1$aCopenhagen, Denmark :$bEuropean Environment Agency,$c2013.
=300  \\$a760 pages :$billustrations (black and white, and colour), 1 map (black and white) ;$c31 cm.
=336  \\$atext$2rdacontent
=337  \\$aunmediated$2rdamedia
=338  \\$avolume$2rdacarrier
=490  1\$aEEA report,$x1725-9177 ;$vNo 1/2013
=500  \\$aFor sale.
=504  \\$aIncludes bibliographical references and index.
=521  \\$aSpecialised.
=538  \\$aMode of access: World Wide Web.
=540  \\$aCurrent copyright fee: zero$c0$5Uk
=650  \7$aLutte antipollution.$2eclas
=650  \7$aProtection de l'environnement.$2eclas
=650  \7$apollution control measures.$2eurovocen
=650  \7$apollution.$2eurovocen
=650  \7$aprevention of pollution.$2eurovocen
=650  \7$arisk prevention.$2eurovocen
=650  \7$aenvironmental protection.$2eurovocen
=650  \7$aEU environmental policy.$2eurovocen
=655  \4$aPublication UE/CE.
=655  \4$aPublication internationale.
=655  \4$aRessource internet.
=655  \4$aTexte intégral.
=710  2\$aEuropean Environment Agency,$epublisher.
=710  2\$aEuropean Environment Agency.
=830  \0$aEEA report,$x1725-9177 ;$vno. 1/2013.
=852  41$aBritish Library$bDSC$j3663.383550
=856  41$uhttp://bookshop.europa.eu/uri?target=EUB:NOTICE:THAL13002:EN:HTML$qHTML
=856  41$uhttp://dx.publications.europa.eu/10.2800/73322$qHTML
=CAT  \\$a7233$b40$c20140707$lBLL01$h1101
=CAT  \\$aBATCH-CLA$b00$c20140708$lBLL01$h0036
=CAT  \\$a11250$b40$c20140709$lBLL01$h1035
=CAT  \\$aBATCH-CLA$b00$c20140710$lBLL01$h0037
=CAT  \\$aBATCH-UPD$b00$c20220910$lBLL01$h0042
=CAT  \\$aBATCH-CLA$b00$c20220911$lBLL01$h0104
=CAT  \\$a12654$b40$c20221114$lBLL01$h0902
=CAT  \\$aBATCH-CLA$b00$c20221115$lBLL01$h0102
=CFI  0\$aCurrent copyright fee: zero$c0$e16-mar-2005$fGBP0.00$g0$hZ$5Uk
=FIN  \\$aY$d20140709
=FMT  \\$a  BK
=LAS  \\$aBATCH-CLA$b00$c20221115$lBLL01$h0102
=SID  \\$aZ39$bOCLC

