=LDR  04078 am a2200613 i 4500
=001  017837587
=003  Uk
=005  20160509112703.0
=006  m\\\\\\\\d\i\\\\\\
=008  151207t20152015lu\a\\\\\b\\\i000\0\eng\d
=020  \\$a9789287230027
=020  \\$a9287230021
=024  7\$a10.2865/588946$2doi
=035  \\$a(OCoLC)933425842$z(OCoLC)931792360$z(OCoLC)937549847
=040  \\$aEQO$beng$cEQO$dOCLCO$dCUS$dOCLCO$dORU$dOCLCF$dOCLCO$dPAU$dOCLCO$dFIE$erda
=043  \\$ae------
=050  \4$aHN380.Z9$bC6398 2015
=082  04$a658.4038$223
=245  04$aThe EU priority of promoting a knowledge-based rural economy has been affected by poor management of knowledge-transfer and advisory measures /$cEuropean Court of Auditors.
=246  3\$aEuropean Union priority of promoting a knowledge-based rural economy has been affected by poor management of knowledge-transfer and advisory measures
=264  \1$aLuxembourg :$bPublications Office of the European Union,$c2015.
=264  \4$c©2015
=300  \\$a60 pages :$bcolour illustrations ;$c30 cm.
=336  \\$atext$btxt$2rdacontent
=337  \\$aunmediated$bn$2rdamedia
=338  \\$avolume$bnc$2rdacarrier
=490  1\$aSpecial report,$x1831-0834 ;$vno. 12/2015
=500  \\$a"QJ-AB-15-013-EN-C"--Back cover.
=500  \\$a"Pursuant to Article 287(4), second subparagraph, TFEU".
=504  \\$aIncludes bibliographical references.
=520  \\$aThe Court examined whether the high priority of lifelong learning and knowledge transfer within the EU's rural-development policy was matched by the Commission's and Member States' efforts to deliver high-quality knowledge-transfer and advisory activities. The audit found that this was not the case. Too often Member States relied on the proposals coming from the training providers and any type of training was seen as 'good' and eligible to receive public support. Only infrequently was there proper analysis made of whether such activities could make a real impact. Member States did not always ensure fair and transparent competition when selecting the training activities and paid too much for certain services. In terms of follow-up, the audit found a lack of detailed evaluation of what was actually achieved with the public funds. In its recommendations, the Court particularly encourages the Member States to adapt the knowledge-transfer and advisory activities they choose to the evolving needs of the rural operators through recurrent procedures of analysis and evaluation.--$cEuropean Court of Auditors.
=650  \0$aRural development$zEuropean Union countries.
=650  \0$aTechnological innovations$xEconomic aspects$zEuropean Union countries.
=650  \0$aInformation technology$zEuropean Union countries.
=650  \0$aKnowledge management$zEuropean Union countries.
=650  \7$aInformation technology.$2fast$0(OCoLC)fst00973089
=650  \7$aRural development.$2fast$0(OCoLC)fst01101498
=650  \7$aTechnological innovations$xEconomic aspects.$2fast$0(OCoLC)fst01145010
=650  \7$aKnowledge management.$2fast$0(OCoLC)fst00988184
=651  \7$aEurope$zEuropean Union countries.$2fast$0(OCoLC)fst01269470
=690  7\$aManagement and Business Studies$2blcoll
=710  2\$aEuropean Court of Auditors,$eissuing body.
=830  \0$aSpecial report (European Court of Auditors) ;$vno. 2015/12.$x1831-0834.
=852  41$aBritish Library$bHMNTS$jEU658.4038
=856  41$uhttp://www.eca.europa.eu/Lists/ECADocuments/SR15_12/SR_RURAL_TRAINING_EN.pdf
=856  41$uhttp://bookshop.europa.eu/en/the-eu-priority-of-promoting-a-knowledge-based-rural-economy-has-been-affected-by-poor-management-of-knowledge-transfer-and-advisory-measures-pbQJAB15013/?CatalogCategoryID=Y.cKABstnJsAAAEjxZEY4e5L$zFull-text
=CAT  \\$a10904$b40$c20160504$lBLL01$h1317
=CAT  \\$a9666$b40$c20160509$lBLL01$h1127
=CAT  \\$aBATCH-UPD$b40$c20160517$lBLL01$h1419
=CAT  \\$aBATCH-MBS$c20160520$lBLL01$h2056
=FIN  \\$aY$d20160509
=FMT  \\$a  BK
=LAS  \\$aBATCH-MBS$b00$c20160520$lBLL01$h2056
=SID  \\$aZ39$bOCLC

