=LDR  02861cam a2200721 i 4500
=001  018470531
=003  Uk
=005  20170907100213.0
=008  170314s2016\\\\lu\b\\\f\b\\\i000\0\eng\d
=020  \\$a9789294942470$qprint
=020  \\$a9294942473$qprint
=020  \\$z9789294942463$qPDF
=035  \\$a(OCoLC)975367026
=040  \\$aBECOE$beng$cBECOE$dQCL$dOCLCO$dBECOE$dOCLCF$dUk$erda
=042  \\$aukblsr
=082  04$a363.3209581$223
=245  00$aEASO country of origin information report.$pAfghanistan : security situation.
=246  30$aAfghanistan : security situation
=264  \1$a[Luxembourg] :$b[Publications Office of the European Union],$c[2016]
=300  \\$a239 pages :$bmaps (colour) ;$c30 cm
=336  \\$atext$btxt$2rdacontent
=336  \\$acartographic image$btxt$2rdacontent
=337  \\$aunmediated$bn$2rdamedia
=338  \\$avolume$bnc$2rdacarrier
=500  \\$a"November 2016."
=500  \\$aPublisher's no.: BZ-04-16-848-EN-C.
=504  \\$aIncludes bibliographical references.
=520  \\$aThe report aims to provide information on the security situation in Afghanistan, which is relevant for international protection status determination (PSD ; refugee status and subsidiary protection).
=530  \\$aAlso published electronically.
=648  \7$aSince 2001$2fast
=650  \0$aInternal security$zAfghanistan.
=650  \0$aSecurity, International.
=650  \0$aPolitical refugees.
=650  \7$aPublic safety.$2eclas
=650  \7$aRegional security.$2eclas
=650  \7$aCivil wars.$2eclas
=650  \7$aViolence.$2eclas
=650  \7$aRule of law.$2eclas
=650  \7$aSécurité régionale.$2eclas
=650  \7$aSécurité publique.$2eclas
=650  \7$aGuerres civiles.$2eclas
=650  \7$aEtat de droit.$2eclas
=650  \7$aInternal security.$2fast$0(OCoLC)fst00976624
=650  \7$aPolitical refugees.$2fast$0(OCoLC)fst01069678
=650  \7$aPolitics and government.$2fast$0(OCoLC)fst01919741
=650  \7$aSecurity, International.$2fast$0(OCoLC)fst01110895
=651  \0$aAfghanistan$xPolitics and government$y2001-
=651  \7$aAfghanistan.$2eclas
=651  \7$aAfghanistan.$2fast$0(OCoLC)fst01205406
=710  2\$aEuropean Asylum Support Office.
=852  41$aBritish Library$bHMNTS$jEU.363.3209581
=856  41$uhttp://bookshop.europa.eu/uri?target=EUB:NOTICE:BZ0416848:EN:HTML
=856  41$uhttp://bookshop.europa.eu/uri?target=EUB:NOTICE:BZ0416848:EN
=CAT  \\$a5703$b40$c20170816$lBLL01$h1144
=CAT  \\$a9671$b40$c20170823$lBLL01$h1047
=CAT  \\$a9671$b40$c20170829$lBLL01$h0732
=CAT  \\$a9671$b40$c20170829$lBLL01$h0736
=CAT  \\$a8962$b40$c20170907$lBLL01$h1002
=CAT  \\$aW2308-1659$c20230923$lBLL01$h0934
=FIN  \\$aY$d20170823
=FMT  \\$a  BK
=LAS  \\$aW2308-1659$b00$c20230923$lBLL01$h0934
=SID  \\$aZ39$bOCLC

