=LDR  03221cam a2200649 i 4500
=001  018470604
=003  Uk
=005  20170907105107.0
=008  170502s2017\\\\lu\a\\\g\b\\\i000\0\eng\d
=017  \\$aKF-04-17-108-EN-C$bLU-LuOPE
=020  \\$a9789279655203$qprint
=020  \\$a9279655205$qprint
=020  \\$z9789279655265$qweb
=024  7\$a10.2762/824841$2doi
=035  \\$a(OCoLC)985097702
=040  \\$aBECOE$beng$cBECOE$dOCLCQ$dBECOE$dUk$erda
=042  \\$aukblsr
=082  04$a307.1412094$223
=245  04$aThe European Agricultural Fund for Rural Development :$btransition to greener rural economies : projects brochure /$ceditor, Ed Thorpe ; key contributors, Ben Allen [and 5 others].
=246  13$aTransition to greener rural economies :$bprojects brochure
=264  \1$aLuxembourg :$bPublications Office of the European Union,$c[2017]
=300  \\$a28 pages :$bcolor illustrations ;$c30 cm
=336  \\$atext$btxt$2rdacontent
=337  \\$aunmediated$bn$2rdamedia
=338  \\$avolume$bnc$2rdacarrier
=500  \\$aManuscript text finalised during March 2017.
=500  \\$aPublisher's no.: KF-04-17-108-EN-C.
=504  \\$aIncludes bibliographical references.
=520  \\$aThis edition of the EAFRD projects brochure focuses on the topic of 'transition to greener rural economies'. This transition is about taking advantage of growth opportunities that are environmentally and socially sustainable, as well as improving environmental performance in ways that are economically and socially viable. The transition to greener rural economies typically requires new ways of thinking and new ways of working. This can involve: developing new, sustainable, income streams; 'future proofing' rural businesses; adapting traditional approaches using modern techniques; or simply improving cooperation between stakeholders.
=530  \\$aAlso published electronically.
=610  20$aEuropean Agricultural Fund for Rural Development.
=650  \7$aRural development.$2eclas
=650  \0$aRural development$zEuropean Union countries.
=650  \7$aSustainable development.$2eclas
=650  \7$aEU/EC Funds.$2eclas
=650  \7$aDéveloppement rural.$2eclas
=650  \7$aDéveloppement durable.$2eclas
=650  \7$aUE/CE Fonds.$2eclas
=690  7\$aSocial Welfare$2blcoll
=700  1\$aThorpe, Ed,$eeditor.
=700  1\$aAllen, Ben$c(Policy analyst),$econtributor.
=710  2\$aEuropean Agricultural Fund for Rural Development.
=710  2\$aEuropean Commission.$bDirectorate-General for Agriculture and Rural Development.
=710  2\$aEuropean Network for Rural Development.
=852  41$aBritish Library$bHMNTS$jEU.307.1412094
=856  41$uhttp://bookshop.europa.eu/uri?target=EUB:NOTICE:KF0417108:EN:HTML
=CAT  \\$a5703$b40$c20170816$lBLL01$h1336
=CAT  \\$a9671$b40$c20170829$lBLL01$h1407
=CAT  \\$a9671$b40$c20170829$lBLL01$h1409
=CAT  \\$a8962$b40$c20170907$lBLL01$h1051
=CAT  \\$aBATCH-UPD$b40$c20170907$lBLL01$h1100
=CAT  \\$aBATCH-SWP$c20171208$lBLL01$h2221
=CAT  \\$aW2308-1659$c20230923$lBLL01$h0934
=FIN  \\$aY$d20170829
=FMT  \\$a  BK
=LAS  \\$aW2308-1659$b00$c20230923$lBLL01$h0934
=SID  \\$aZ39$bOCLC

