=LDR  02917cam a2200601 i 4500
=001  018470632
=003  Uk
=005  20170907111741.0
=008  170412s2016\\\\lu\ab\\\\b\\\i000\0\eng\d
=020  \\$a9789279634468$qprint
=020  \\$a9279634461$qprint
=020  \\$z9789279634482$qPDF
=024  7\$a10.2767/174144$2doi
=035  \\$a(OCoLC)982168419
=040  \\$aBECOE$beng$cBECOE$dUk$erda
=042  \\$aukblsr
=082  04$a331.34094$223
=245  04$aThe EU Youth Employment Initiative :$binvesting in young people.
=264  \1$aLuxembourg :$bPublications Office of the European Union,$c2016.
=300  \\$a10 pages :$billustrations (colour), maps (colour) ;$c25 cm
=336  \\$atext$btxt$2rdacontent
=337  \\$aunmediated$bn$2rdamedia
=338  \\$avolume$bnc$2rdacarrier
=500  \\$aPublisher's no.: KE-06-16-229-EN-C.
=504  \\$aIncludes bibliographical references.
=520  \\$aThis brochure describes how the Youth Employment Initiative (YEI) supports measures aiming to reduce youth unemployment in the worst affected areas of the EU. It explains the relationship between the YEI and Youth Guarantee schemes, shows how the YEI complements other EU funding instruments such as the European Social Fund (ESF) and highlights the YEI's achievements so far. The brochure also showcases a selection of the varied projects that are benefiting from YEI funding. Including personal experiences from both project organisers and the young people that took part, these stories demonstrate how YEI support is having a direct and positive impact on the lives of young Europeans across the EU.
=610  20$aYouth Employment Initiative (European Union)
=650  \0$aYouth$xEmployment$zEuropean Union countries.
=650  \0$aManpower policy$zEuropean Union countries.
=650  \7$aYouth unemployment.$2eclas
=650  \7$aYoung workers.$2eclas
=650  \7$aEmployment policy.$2eclas
=650  \7$aYouth policy.$2eclas
=650  \7$aChômage des jeunes.$2eclas
=650  \7$aJeunes travailleurs.$2eclas
=650  \7$aPolitique de l'emploi.$2eclas
=650  \7$aPolitique de la jeunesse.$2eclas
=650  \7$aEU initiative.$2eurovocen
=690  7\$aManagement and Business Studies$2blcoll
=690  7\$aSocial Welfare$2blcoll
=710  2\$aEuropean Commission.$bDirectorate-General for Employment, Social Affairs and Inclusion.
=852  41$aBritish Library$bHMNTS$jEU.331.34094
=856  41$uhttp://bookshop.europa.eu/uri?target=EUB:NOTICE:KE0616229:EN:HTML
=CAT  \\$a5703$b40$c20170816$lBLL01$h1400
=CAT  \\$a9671$b40$c20170905$lBLL01$h1439
=CAT  \\$a8962$b40$c20170907$lBLL01$h1117
=CAT  \\$aBATCH-MBS$c20171208$lBLL01$h2123
=CAT  \\$aBATCH-SWP$c20171208$lBLL01$h2221
=CAT  \\$aW2308-1659$c20230923$lBLL01$h0934
=FIN  \\$aY$d20170905
=FMT  \\$a  BK
=LAS  \\$aW2308-1659$b00$c20230923$lBLL01$h0934
=SID  \\$aZ39$bOCLC

