=LDR  03265cam a2200601 i 4500
=001  018020149
=003  Uk
=005  20170130180947.0
=008  160915s2016\\\\lu\a\\\\\bs\\i000\0\eng\d
=020  \\$a9789279592300 (paperback)
=020  \\$a9279592300 (paperback)
=020  \\$z9789279592317 (PDF)
=035  \\$a(OCoLC)958420568
=040  \\$aBECOE$beng$cBECOE$dOCLCO$dUk$erda
=042  \\$aukblsr
=082  04$a337.142$223
=245  04$aThe EU in the world :$b2016 edition /$ceditors: Helene Strandell and Pascal Wolf.
=264  \1$aLuxembourg :$bPublications Office of the European Union,$c2016.
=300  \\$a179 pages :$billustrations (colour) ;$c21 cm.
=336  \\$atext$2rdacontent
=336  \\$astill image$2rdacontent
=337  \\$aunmediated$2rdamedia
=338  \\$avolume$2rdacarrier
=490  0\$aEU in the world,$x2315-1870
=500  \\$a"Web ... ISSN 2315-1889"--title page verso.
=500  \\$a"The data presented in this publication was largely extracted during March 2016"--page 4.
=504  \\$aIncludes bibliographical references.
=520  \\$aThis publication provides a statistical portrait of the European Union in relation to the rest of the world. It presents a broad range of indicators for the EU and the non-EU members of the Group of Twenty (G20). It treats the following areas: population; living conditions; health; education and training; the labour market; economy and finance; international trade; industry, trade and services; research and communication; transport; agriculture, forestry and fisheries; the environment; and energy. The publication, which complements information found in Europe in figures - the Eurostat yearbook and in the Eurostat regional yearbook, may be viewed as an introduction to European and international statistics. It provides a starting point for those who wish to explore the wide range of data that are freely available from a variety of international organisations and on Eurostat's website.
=530  \\$aAlso issued online.
=650  \7$aDonnées statistiques.$2eclas
=650  \7$aEconomic history.$2fast$0(OCoLC)fst00901974
=650  \7$aSocial conditions.$2fast$0(OCoLC)fst01919811
=651  \0$aEuropean Union countries$vStatistics.
=651  \0$aEuropean Union countries$xEconomic conditions$vStatistics.
=651  \0$aEuropean Union countries$xSocial conditions$vStatistics.
=651  \7$aEurope$zEuropean Union countries.$2fast$0(OCoLC)fst01269470
=690  7\$aManagement and Business Studies$2blcoll
=700  1\$aStrandell, Helene,$eeditor.
=700  1\$aWolff, Pascal,$eeditor.
=710  2\$aStatistical Office of the European Communities,$eissuing body.
=852  41$aBritish Library$bHMNTS$jEU 337.142
=852  41$aBritish Library$bHMNTS$jOPB.2016.x.285
=856  4\$uhttp://bookshop.europa.eu/uri?target=EUB:NOTICE:KSEX16001:EN
=CAT  \\$a10904$b40$c20160922$lBLL01$h1133
=CAT  \\$a5883$b40$c20161116$lBLL01$h1425
=CAT  \\$a8962$b40$c20161118$lBLL01$h0909
=CAT  \\$a3391$b40$c20170130$lBLL01$h1809
=CAT  \\$aBATCH-MBS$c20170203$lBLL01$h2118
=CAT  \\$aW2308-1659$c20230923$lBLL01$h1009
=FIN  \\$aY$d20161116
=FMT  \\$a  BK
=LAS  \\$aW2308-1659$b00$c20230923$lBLL01$h1009
=SID  \\$aZ39$bOCLC

