=LDR  01886 as a22004337a 4500
=001  016038562
=003  Uk
=005  20130918130349.0
=008  101207c200u9999lu\uu\\\\\\\\i0\\\a0eng\d
=035  \\$a(OCoLC)690322396
=040  \\$aCUS$cCUS$dCUS$dUk
=042  \\$aukblderived
=043  \\$ae------
=050  \4$aZ291$b.S83
=082  04$a352.1105$223
=245  00$aSubscriptions to European Union publications at a glance ...
=246  17$aSubscriptions of the European Union at a glance!
=260  \\$aLuxembourg :$bPublications Office of the European Union,$c2012.
=300  \\$av. :$bcol. ill. ;$c21 cm.
=336  \\$atext$2rdacontent
=337  \\$aunmediated$2rdamedia
=338  \\$avolume$2rdacarrier
=500  \\$aAlso issued in Dutch, French, German, Italian, and Spanish.
=530  \\$aAlso issued online.
=588  \\$aDescription based on: 2010; title from cover.
=588  \\$aLatest issue consulted: 2010.
=650  \0$aGovernment publications$zEuropean Union countries$vCatalogs.
=710  2\$aOffice for Official Publications of the European Communities.
=852  41$aBritish Library$bHMNTS$jEU 352.1105
=856  41$uhttp://bibpurl.oclc.org/web/40993$uhttp://bookshop.europa.eu/is-bin/INTERSHOP.enfinity/WFS/EU-Bookshop-Site/en_GB/-/EUR/ViewParametricSearch-SimpleOfferSearch?webform-id=WFSimpleSearch&DefaultButton=findSimple&WFSimpleSearch_NameOrID=Subscriptions+to+European+Union+publications+at+a+glance+&SearchConditions=&SearchType=1&findSimple.x=0&findSimple.y=0&findSimple=GO
=CAT  \\$a12025$b40$c20120228$lBLL01$h1635
=CAT  \\$a12025$b40$c20120228$lBLL01$h1658
=CAT  \\$a12025$b40$c20120608$lBLL01$h1530
=CAT  \\$a12025$b40$c20120608$lBLL01$h1533
=CAT  \\$a3563$b40$c20130805$lBLL01$h1230
=CAT  \\$a9671$b40$c20130918$lBLL01$h1303
=FMT  \\$a  SE
=LAS  \\$a9671$b40$c20130918$lBLL01$h1303
=SID  \\$aZ39$bOCLC

